%% Obtained via the getNewBibTeX script and the SPIRES biblio service

@Article{Phys.Rev.Lett.19.1264,
     author    = "Weinberg, Steven",
     title     = "A MODEL OF LEPTONS",
     journal   = "Phys. Rev. Lett.",
     volume    = "19",
     year      = "1967",
     pages     = "1264-1266",
     SLACcitation  = "%%CITATION = PRLTA,19,1264;%%"
}

@Article{Phys.Rev.D2.1285,
     author    = "Glashow, S. L. and Iliopoulos, J. and Maiani, L.",
     title     = "WEAK INTERACTIONS WITH LEPTON - HADRON SYMMETRY",
     journal   = "Phys. Rev.",
     volume    = "D2",
     year      = "1970",
     pages     = "1285-1292",
     SLACcitation  = "%%CITATION = PHRVA,D2,1285;%%"
}

@Article{cms-tracker-performance-2010,
     collaboration = "The CMS Collaboration",
     title     = "CMS tracking performance result from early LHC operation",
     journal   = "Eur. Phys. J. C",
     volume    = "70",
     year      = "2010",
     pages     = "1165-1192",
     eprint    = "hep-ex/1007.1988",
     doi       = "10.1140/epjc/s10052-010-1491-3"
}

@Article{CMS_JINST,
     collaboration = "The CMS Collaboration",
     title     = "The CMS experiment at the CERN LHC",
     journal   = "JINST ",
     volume    = "3",
     year = "2008",
     pages = "S08004",
     doi = "10.1088/1748-0221/3/08/S08004"
}

@Article{hep-ph/0410370,
     author    = "Willenbrock, Scott",
     title     = "Symmetries of the standard model",
     year      = "2004",
     eprint    = "hep-ph/0410370",
     SLACcitation  = "%%CITATION = HEP-PH 0410370;%%"
}

@Article{Brianti:2004qq,
     author    = "Brianti, G.",
     title     = "The Large Hadron Collider project: Historical account",
     journal   = "Phys. Rept.",
     volume    = "403-404",
     year      = "2004",
     pages     = "349-364",
     SLACcitation  = "%%CITATION = PRPLC,403-404,349;%%"
}

@Article{cms-ecal-performance-2012,
     collaboration = "The CMS Collaboration",
     title = "2012 ECAL detector performance plots",
     year = "2012",
     note = "CMS-DP-2013-007"
}

@Article{ecal_electron_reco,
     author = "Meschi, E. and Monteiro, T. and Seez, C. and Vikas, P.",
     title = "Electron reconstruction in the CMS Electromagentic Calorimeter",
     year = "2001",
     note = "CMS-AN-2001-034"
}

@Article{tracker_electron_reco,
    author = "Adam, W. and Fr{\"u}wirth, R. and Strandlie, A. and Todorov, T.",
    title = "Reconstruction of electrons with the Gaussian-sum filter in the CMS tracker at the LHC",
    journal   = "J. Phys. G: Nucl. Part. Phys.",
    volume    = "31",
    year      = "2005",
    pages     = "N9"
}

@Article{Amato:1998xt,
     author    = "Amato, S. and others",
 collaboration = "LHCb",
     title     = "LHCb technical proposal",
     note     = "CERN-LHCC-98-4"
}

@Misc{hepthesis,
     author = "Buckley, Andy",
     title  = "The hepthesis {\LaTeX} class"
}
